@ARTICLE{1989JPSJ...58.4116M,
   author = {{Machida}, K. and {Ozaki}, M.-A. and {Ohmi}, T.},
    title = "{Unconventional superconducting class in a heavy fermion system UPt3}",
  journal = {Journal of the Physical Society of Japan},
 keywords = {Fermions, Platinum Compounds, Superconductivity, Transition Temperature, Uranium Compounds, Group Theory, Landau-Ginzburg Equations, Nuclear Magnetic Resonance},
     year = 1989,
    month = nov,
   volume = 58,
    pages = {4116-4131},
      doi = {10.1143/JPSJ.58.4116},
   adsurl = {http://adsabs.harvard.edu/abs/1989JPSJ...58.4116M},
  adsnote = {Provided by the SAO/NASA Astrophysics Data System}
}

@ARTICLE{1989JPCM....1.8135H,
   author = {{Hess}, D.~W. and {Tokuyasu}, T.~A. and {Sauls}, J.~A.},
    title = "{Broken symmetry in an unconventional superconductor: a model for the double transition in UPt$_{3}$}",
  journal = {Journal of Physics Condensed Matter},
     year = 1989,
    month = oct,
   volume = 1,
    pages = {8135-8145},
      doi = {10.1088/0953-8984/1/43/014},
   adsurl = {http://adsabs.harvard.edu/abs/1989JPCM....1.8135H},
  adsnote = {Provided by the SAO/NASA Astrophysics Data System}
}

@ARTICLE{1989JPSJ...58.2244M,
   author = {{Machida}, K. and {Ozaki}, M.-a.},
    title = "{Splitting of Superconducting Transitions in UPt$_{3}$}",
  journal = {Journal of the Physical Society of Japan},
     year = 1989,
    month = jul,
   volume = 58,
    pages = {2244},
      doi = {10.1143/JPSJ.58.2244},
   adsurl = {http://adsabs.harvard.edu/abs/1989JPSJ...58.2244M},
  adsnote = {Provided by the SAO/NASA Astrophysics Data System}
}
